


@article{Anderson_1999,
 ISSN = "00141704, 1539297X",
 author = "Elizabeth S. Anderson",
 journal = "Ethics",
 number = "2",
 pages = "287--337",
 publisher = "The University of Chicago Press",
 title = "What Is the Point of Equality?",
 urldate = "2022-10-26",
 volume = "109",
 year = "1999"
}


@incollection{Box_1979,
title = "Robustness in the Strategy of Scientific Model Building",
editor = "Robert L. Launer and Graham N. Wilkinson",
booktitle = "Robustness in Statistics",
publisher = "Academic Press",
pages = "",
year = "1979",
isbn = "978-0-12-438150-6",
doi = "https://doi.org/10.1016/B978-0-12-438150-6.50018-2",
author = "G.E.P. Box",
}


@book{Cohen_1978,
	publisher = "Oxford University Press",
	year = "1978",
	author = "G. A. Cohen",
	title = "Karl Marx's Theory of History: A Defence"
}


@article{Cohen_1989,
 ISSN = "00141704, 1539297X",
 author = "G. A. Cohen",
 journal = "Ethics",
 number = "4",
 pages = "906--944",
 publisher = "University of Chicago Press",
 title = "On the Currency of Egalitarian Justice",
 urldate = "2022-10-26",
 volume = "99",
 year = "1989"
}


@incollection{Cohen_1992,
title = "Incentives, Inequality and Community",
editor = "Grethe B. Peterson",
booktitle = "The Tanner Lectures on Human Values",
publisher = "University of Utah Press",
year = "1992",
author = "G. A. Cohen",
}

@book{Cohen_2001,
	publisher = "Editorial Paidós",
	year = "2001",
	author = "G. A. Cohen",
	title = "Si eres igualitarista, ¿cómo es que eres tan rico?"
}

@book{Cohen_2008,
 ISBN = "9780674030763",
 author = "G. A. Cohen",
 publisher = "Harvard University Press",
 title = "Rescuing Justice and Equality",
 year = "2008"
}

@incollection{Cohen_2014a,
title = "Libertad, justicia y capitalismo",
editor = "Jahel Queralt",
booktitle = "Por una vuelta al socialismo: o cómo el capitalismo nos hace menos libres",
publisher = "Siglo Veintiuno Editores",
pages = "25-47",
year = "2014",
author = "G. A. Cohen",
}


@incollection{Cohen_2014b,
title = "Un retorno a los fundamentos del socialismo",
editor = "Jahel Queralt",
booktitle = "Por una vuelta al socialismo: o cómo el capitalismo nos hace menos libres",
publisher = "Siglo Veintiuno Editores",
pages = "49-71",
year = "2014",
author = "G. A. Cohen",
}

@incollection{Cohen_2014c,
title = " ¿\MakeUppercase{P}or qué no el socialismo?",
editor = "Jahel Queralt",
booktitle = "Por una vuelta al socialismo: o cómo el capitalismo nos hace menos libres",
publisher = "Siglo Veintiuno Editores",
pages = "179-207",
year = "2014",
author = "G. A. Cohen",
}

@incollection{Forst_2013,
title = "Dos imágenes de la Justicia",
editor = "Gustavo Pereira",
booktitle = "Perspectivas críticas de Justicia Social",
publisher = "Evangraf",
pages = "",
year = "2013",
author = "Rainer Forst",
}

@article{Dworkin_1981a,
 ISSN = "00483915, 10884963",
 author = "Ronald Dworkin",
 journal = "Philosophy & Public Affairs",
 number = "3",
 pages = "185--246",
 publisher = "Wiley",
 title = "What is Equality? \MakeUppercase{P}art 1: Equality of Welfare",
 urldate = "2022-10-26",
 volume = "10",
 year = "1981"
}

@article{Dworkin_1981b,
 ISSN = "00483915, 10884963",
 author = "Ronald Dworkin",
 journal = "Philosophy & Public Affairs",
 number = "4",
 pages = "283--345",
 publisher = "Wiley",
 title = "What is Equality? \MakeUppercase{P}art 2: Equality of Resources",
 urldate = "2022-10-26",
 volume = "10",
 year = "1981"
}


@book{Friedman_1966,
 author = "Milton Friedman",
 publisher = "The University of Chicago Press",
 title = "Essays in Positive Economics",
 year = "1966"
}



@incollection{Gosepath_2013,
title = "En defensa de la justicia distributiva",
editor = "Gustavo Pereira",
booktitle = "Perspectivas críticas de Justicia Social",
publisher = "Evangraf",
pages = "",
year = "2013",
author = "Stephan Gosepath",
}


@article{Hardin_1968,
 ISSN = "00368075, 10959203",
 author = "Garrett Hardin",
 journal = "Science",
 number = "3859",
 pages = "1243--1248",
 publisher = "American Association for the Advancement of Science",
 title = "The Tragedy of the Commons",
 urldate = "2022-10-26",
 volume = "162",
 year = "1968"
}


@book{Laffont_2002,
 ISBN = "9780691091846",
 author = "Jean-Jacques Laffont and David Martimort",
 publisher = "Princeton University Press",
 title = "The Theory of Incentives: The Principal-Agent Model",
 urldate = "2022-10-26",
 year = "2002"
}

@book{MasColell_1995,
title = "Microeconomic Theory",
author = "Andreu Mas-Colell and Michael Whinston and Jerry Green",
year = "1995",
publisher = "Oxford University Press",
}


@article{Narveson_1978,
	doi = "10.1007/BF02378815",
	volume = "7",
	title = "Rawls on Equal Distribution of Wealth",
	year = "1978",
	number = "2",
	author = "Jan F. Narveson",
	pages = "281--292",
	journal = "Philosophia"
}


@article{Pasinetti_2000,
  author="Luigi L. Pasinetti",
  title="Critique of the neoclassical theory of growth and distribution",
  journal="Banca Nazionale del Lavoro Quarterly Review",
  year=2000,
  volume="53",
  number="215",
  pages="383-431",
}

@book{Rawls_1971,
title = "A Theory of Justice",
author = "John Rawls",
year = "1971",
publisher = "Harvard University Press",
}

@book{Rawls_2002,
title = "La justicia como equidad: Una reformulación",
author = "John Rawls",
year = "2002",
publisher = "Editorial Paidós",
}

@book{Roemer_1982,
title = "A General Theory of Exploitation and Class",
author = "John E. Roemer",
year = "1982",
publisher = "Harvard University Press",
}

@book{Roemer_1994,
title = "A Future for Socialism",
author = "John E. Roemer",
year = "1994",
publisher = "Harvard University Press",
}


@book{Roemer_1996a,
title = "Theories of Distributive Justice",
author = "John E. Roemer",
year = "1996",
publisher = "Harvard University Press",
}

@book{Roemer_1996b,
title = "Egalitarian perspectives: Essays in philosophical economics",
author = "John E. Roemer",
year = "1996",
publisher = "Cambridge University Press",
}

@book{Roemer_1998,
title = "Equality of Opportunity",
author = "John E. Roemer",
year = "1998",
publisher = "Harvard University Press",
}

@article{Roemer_2017,
author = "John E. Roemer",
title = "Socialism Revised",
journal = "Philosophy \& Public Affairs",
volume = "45",
number = "3",
pages = "261-315",
doi = "https://doi.org/10.1111/papa.12089",
year = "2017"
}

@book{Roemer_2019,
title = "How We Cooperate: A Theory of Kantian Optimization",
author = "John E. Roemer",
year = "2019",
publisher = "Yale University Press",
}

@article{Roemer_2021a,
author = "John E. Roemer",
title = "What is Socialism today? \MakeUppercase{C}onceptions of a Cooperative Economy",
journal = "International Economic Review",
volume = "62",
number = "2",
pages = "571-598",
year = "2021"
}


@article{Roemer_2021b,
	volume = "13",
	year = "2021",
	number = "2",
	title = "What \MakeUppercase{E}galitarianism \MakeUppercase{R}equires",
	journal = "Erasmus Journal for Philosophy and Economics",
	author = "John E. Roemer"
}

@book{Tadelis_2013,
title = "Game Theory: An Introduction",
author = "Steven Tadelis",
year = "2013",
publisher = "Princeton University Press",
}



@incollection{Hayek_1935,
title = "The Nature and History of the Problem",
editor = "Friedrich A. Hayek",
booktitle = "Collectivist Economic Planning",
publisher = "Routledge \& Sons",
pages = "",
year = "1935",
author = "Friedrich A. Hayek",
}

@article{Hayek_1940,
author = "Friedrich A. Hayek",
title = "Socialist Calculation: The Competitive Solution",
journal = "Economica",
volume = "7",
number = "",
pages = "125-149",
year = "1940"
}

@incollection{Lange_1956,
title = "On the Economic Theory of Socialism",
editor = "B Lippincott",
booktitle = "On the Economic Theory of Socialism",
publisher = "University of Minnesota Press",
pages = "",
year = "1956",
author = "Oskar Lange",
}

@book{Roemer_1998,
title = "Equality of opportunity",
author = "John E. Roemer",
year = "1998",
publisher = "Harvard University Press",
}

@book{Young_2000,
title = "La justicia y la política de la diferencia",
author = "Iris M. Young",
year = "2000",
publisher = "Cátedra",
}


@incollection{Honneth_2013,
title = "El entramado de la justicia: sobre los límites del procedimentalismo contemporáneo",
editor = "Gustavo Pereira",
booktitle = "Perspectivas críticas de Justicia Social",
publisher = "Evangraf",
pages = "",
year = "2013",
author = "Axel Honneth",
}


@article{Arrow_1954,
author = "Kenneth J. Arrow and Gerard Debreu",
title = "Existence of an Equilibrium for a Competitive Economy",
journal = "Econometrica",
volume = "22",
number = "3",
pages = "265–290",
year = "1954"
}

@book{Locke_1960,
title = "Ensayo sobre el gobierno civil",
author = "John Locke",
year = "1960",
publisher = "Editorial Aguilar",
}

@book{Rousseau_2007,
title = "El contrato social o \MakeUppercase{P}rincipios de derecho político",
author = "Jean J. Rousseau",
year = "2007",
publisher = "Editorial Tecnos",
}

@book{Kant_2012,
title = "Fundamentación de la metafísica de las costumbres",
author = "Immanuel Kant",
year = "2012",
publisher = "Editorial \MakeUppercase{L}as cuarenta",
}

@book{Tomasello_2014a,
title = "A natural history of human thinking",
author = "Michael Tomasello",
year = "2014",
publisher = "Harvard University Press",
}


@article{Tomasello_2014b,
author = "Michael Tomasello",
title = "The ultra-social animal",
journal = "European journal of social psychology",
volume = "44",
number = "3",
pages = "187-194",
year = "2014"
}

@book{Tomasello_2016,
title = "A natural history of human morality",
author = "Michael Tomasello",
year = "2016",
publisher = "Harvard University Press",
}

@incollection{Blau_1999,
title = {Institutions and Laws in the Labor Market},
editor = {David Card and Orley Ashenfelter},
booktitle = {Handbook of Labor Economics},
publisher = {Elsevier},
volume = {3A},
pages = {1399-1461},
year = {1999},
author = {Francine D. Blau and Lawrence M. Kahn}
}

@book{Putnam_2004,
title = "The Collapse of the Fact Value Dichotomy and Other Essays",
author = "Hilary Putnam",
year = "2004",
publisher = "Harvard University Press",
}


@incollection{Davis_2022,
title = {Economics as a Normative Discipline: Value Disentanglement in an ‘Objetive’ Economics},
editor = {Sina Badei and Agnès Grivaux},
booktitle = {The Positive and the Normative in Economics Thought},
publisher = {Routledge},
pages = {87-107},
year = {2022},
author = {John B. Davis}
}

@book{Sen_1991,
title = "On Ethics and Economics",
author = "Amartya Sen",
year = "1991",
publisher = "Blackwell Publishing",
}

@book{Sen_1992,
title = "Inequality Reexamined",
author = "Amartya Sen",
year = "1992",
publisher = "Oxford University Press",
}


@book{Aristoteles_2014,
title = "Ética a Nicómaco",
author = "Aristóteles",
year = "2014",
publisher = "Editorial Gredos",
}

@book{Aristoteles_2005,
title = "Política",
author = "Aristóteles",
year = "2005",
publisher = "Editorial Losada",
}

@book{Hume_1999,
title = "An Enquiry concerning Human Understanding",
author = "David Hume",
year = "1999",
publisher = "Oxford University Press",
}


@book{Hume_1960,
title = "A Treatise of Human Nature",
author = "David Hume",
year = "1960",
publisher = "Oxford University Press (Clarendon Press)",
}
